<?xml version="1.0" encoding="UTF-8"?><collection xmlns="http://www.loc.gov/MARC21/slim"><record><leader>00464nam--2200157-i-4500</leader><controlfield tag="001">000014597</controlfield><controlfield tag="002">20161230</controlfield><controlfield tag="005">20170205225031</controlfield><controlfield tag="008">060222s1000------------r-----000-0-eng-d</controlfield><datafield ind1=" " ind2=" " tag="080"><subfield code="a">541.15:541.28:546(082.1)</subfield></datafield><datafield ind1=" " ind2=" " tag="245"><subfield code="a">Advances in inorganic chemistry and radio- chemistry</subfield></datafield><datafield ind1=" " ind2=" " tag="260"><subfield code="a">New York</subfield><subfield code="b">Academic Press</subfield><subfield code="c">1959 -</subfield></datafield><datafield ind1=" " ind2=" " tag="490"><subfield code="a">Advances In Inorganic Chemistry And Radiochemistry</subfield></datafield><datafield ind1=" " ind2=" " tag="700"><subfield code="a">Sharpe, A. G</subfield></datafield><datafield ind1=" " ind2=" " tag="852"><subfield code="a">14021</subfield></datafield><datafield ind1=" " ind2=" " tag="CAT"><subfield code="a">SYS</subfield><subfield code="c">20170205</subfield><subfield code="h">225031</subfield></datafield></record></collection>